@article{Gracie_2011,
  doi = {10.1002/nme.3112},
  url = {http://dx.doi.org/10.1002/nme.3112},
  year = {2011},
  month = {feb},
  publisher = {Wiley-Blackwell},
  volume = {86},
  number = {4-5},
  pages = {575--597},
  author = {Robert Gracie and Ted Belytschko},
  title = {{An adaptive concurrent multiscale method for the dynamic simulation of dislocations}},
  journal = {International Journal for Numerical Methods in Engineering},
}


@book{weinan_principles_2011,
	title = {Principles of multiscale modeling},
	url = {https://books.google.ca/books?hl=en&lr=&id=9uTjKO2Ix-YC&oi=fnd&pg=PR12&dq=Weinan+principles+of+multiscale+modelling&ots=vKR1Pnc3NG&sig=w12DcLWE2skip5BWdRXzRGukx6M},
	urldate = {2016-08-10},
	publisher = {Cambridge University Press},
	author = {Weinan, E.},
	year = {2011},
	file = {[PDF] cityu.edu.hk:C\:\\Users\\Mike\\AppData\\Roaming\\Zotero\\Zotero\\Profiles\\l1nq6har.default\\zotero\\storage\\PQJNTEIK\\Weinan - 2011 - Principles of multiscale modeling.pdf:application/pdf;Snapshot:C\:\\Users\\Mike\\AppData\\Roaming\\Zotero\\Zotero\\Profiles\\l1nq6har.default\\zotero\\storage\\62WK8DIT\\books.html:text/html;Weinan - 2011 - Principles of multiscale modeling.pdf:C\:\\Users\\Mike\\AppData\\Roaming\\Zotero\\Zotero\\Profiles\\l1nq6har.default\\zotero\\storage\\4337F9P4\\Weinan - 2011 - Principles of multiscale modeling.pdf:application/pdf}
}


@book{das_principles_2009,
	address = {Mason, OH},
	edition = {7th Ed},
	title = {Principles of geotechnical engineering},
	isbn = {0-495-41130-2},
	publisher = {Cengage},
	author = {Das, Braja M.},
	year = {2009},
	file = {Das - 2009 - Principles of geotechnical engineering.pdf:C\:\\Users\\Mike\\AppData\\Roaming\\Zotero\\Zotero\\Profiles\\l1nq6har.default\\zotero\\storage\\8KUVB3EN\\Das - 2009 - Principles of geotechnical engineering.pdf:application/pdf}
}

@article{Cundall_1979,
  doi = {10.1680/geot.1979.29.1.47},
  url = {http://dx.doi.org/10.1680/geot.1979.29.1.47},
  year = {1979},
  month = {mar},
  publisher = {Thomas Telford Ltd.},
  volume = {29},
  number = {1},
  pages = {47--65},
  author = {P. A. Cundall and O. D. L. Strack},
  title = {{A discrete numerical model for granular assemblies}},
  journal = {G{\'{e}}otechnique},
}


@article{Cundall_2001,
  doi = {10.1680/geng.2001.149.1.41},
  url = {http://dx.doi.org/10.1680/geng.2001.149.1.41},
  year = {2001},
  month = {jan},
  publisher = {Thomas Telford Ltd.},
  volume = {149},
  number = {1},
  pages = {41--47},
  author = {P. A. Cundall},
  title = {{A discontinuous future for numerical modelling in geomechanics?}},
  journal = {Proceedings of the {ICE} - Geotechnical Engineering},
}


@article{Geers_2010,
  doi = {10.1016/j.cam.2009.08.077},
  url = {http://dx.doi.org/10.1016/j.cam.2009.08.077},
  year = {2010},
  month = {aug},
  publisher = {Elsevier {BV}},
  volume = {234},
  number = {7},
  pages = {2175--2182},
  author = {M.G.D. Geers and V.G. Kouznetsova and W.A.M. Brekelmans},
  title = {{Multi-scale computational homogenization: Trends and challenges}},
  journal = {Journal of Computational and Applied Mathematics},
}


@article{Aanonsen_2006,
  doi = {10.1007/s10596-005-9012-4},
  url = {http://dx.doi.org/10.1007/s10596-005-9012-4},
  year = {2006},
  month = {mar},
  publisher = {Springer Science $\mathplus$ Business Media},
  volume = {10},
  number = {1},
  pages = {97--117},
  author = {Sigurd Ivar Aanonsen and Dmitry Eydinov},
  title = {{A multiscale method for distributed parameter estimation with application to reservoir history matching}},
  journal = {Comput Geosci},
}


@article{Temizer_2009,
  doi = {10.1002/pamm.200910182},
  url = {http://dx.doi.org/10.1002/pamm.200910182},
  year = {2009},
  month = {dec},
  publisher = {Wiley-Blackwell},
  volume = {9},
  number = {1},
  pages = {417--418},
  author = {Ilker Temizer and Peter Wriggers},
  title = {{A Contact Homogenization Framework for Granular Interfaces}},
  journal = {Proc. Appl. Math. Mech.},
}


@article{Loehnert_2005,
  doi = {10.1002/pamm.200510190},
  url = {http://dx.doi.org/10.1002/pamm.200510190},
  year = {2005},
  month = {dec},
  publisher = {Wiley-Blackwell},
  volume = {5},
  number = {1},
  pages = {427--428},
  author = {Stefan Loehnert and Peter Wriggers},
  title = {{Aspects of computational homogenisation of microheterogeneous materials including decohesion at finite strains}},
  journal = {Proc. Appl. Math. Mech.},
}


@article{jing_review_2003,
  title = {{A review of techniques, advances and outstanding issues in numerical modelling for rock mechanics and rock engineering}},
  volume = {40},
  issn = {13651609},
  url = {http://linkinghub.elsevier.com/retrieve/pii/S1365160903000133},
  doi = {10.1016/S1365-1609(03)00013-3},
  language = {en},
  number = {3},
  urldate = {2015-01-19},
  journal = {International Journal of Rock Mechanics and Mining Sciences},
  author = {Jing, L.},
  month = {apr},
  year = {2003},
  pages = {283--353},
  file = {Jing - 2003 - A review of techniques, advances and outstanding i.pdf:/home/yeti/.zotero/zotero/hy7wzfqc.default/zotero/storage/SG93I9B8/Jing - 2003 - A review of techniques, advances and outstanding i.pdf:application/pdf},
}


@article{zhou_flow_2003,
  title = {{Flow and transport in unsaturated fractured rock: effects of multiscale heterogeneity of hydrogeologic properties}},
  volume = {60},
  issn = {0169-7722},
  shorttitle = {Flow and transport in unsaturated fractured rock},
  url = {http://www.sciencedirect.com/science/article/pii/S0169772202000803},
  doi = {10.1016/S0169-7722(02)00080-3},
  abstract = {The heterogeneity of hydrogeologic properties at different scales may have different effects on flow and transport processes in a subsurface system. A model for the unsaturated zone of Yucca Mountain, Nevada, is developed to represent complex heterogeneity at two different scales: (1) layer scale corresponding to geologic layering and (2) local scale. The layer-scale hydrogeologic properties are obtained using inverse modeling, based on the available measurements collected from the Yucca Mountain site. Calibration results show a significant lateral and vertical variability in matrix and fracture properties. Hydrogeologic property distributions in a two-dimensional, vertical cross-section of the site are generated by combining the average layer-scale matrix and fracture properties with local-scale perturbations generated using a stochastic simulation method. The unsaturated water flow and conservative (nonsorbing) tracer transport through the cross-section are simulated for different sets of matrix and fracture property fields. Comparison of simulation results indicates that the local-scale heterogeneity of matrix and fracture properties has a considerable effect on unsaturated flow processes, leading to fast flow paths in fractures and the matrix. These paths shorten the travel time of a conservative tracer from the source (repository) horizon in the unsaturated zone to the water table for small fractions of total released tracer mass. As a result, the local-scale heterogeneity also has a noticeable effect on global tracer transport processes, characterized by an average breakthrough curve at the water table, especially at the early arrival time of tracer mass. However, the effect is not significant at the later time after 20\% tracer mass reaches the water table. The simulation results also verify that matrix diffusion plays an important role in overall solute transport processes in the unsaturated zone at Yucca Mountain.},
  urldate = {2016-03-01},
  journal = {Journal of Contaminant Hydrology},
  author = {Zhou, Quanlin and Liu, Hui-Hai and Bodvarsson, Gudmundur S and Oldenburg, Curtis M},
  month = {jan},
  year = {2003},
  keywords = {Dual-permeability media, Flow and transport, Fractures and matrix, Heterogeneity, Unsaturated zone, Yucca Mountain},
  pages = {1--30},
  file = {Zhou et al. - 2003 - Flow and transport in unsaturated fractured rock .pdf:/home/yeti/.zotero/zotero/hy7wzfqc.default/zotero/storage/SAUMXI22/Zhou et al. - 2003 - Flow and transport in unsaturated fractured rock .pdf:application/pdf},
}


@misc{matott_ostrich:_2008,
  title = {{{OSTRICH}: {An} {Optimization} {Software} {Tool}; {Documentation} and {User}'s {Guide}}},
  url = {http://www.eng.buffalo.edu/~lsmatott/Ostrich/OstrichMain.html},
  urldate = {2016-02-20},
  publisher = {Department of Civil, Structural and Environmental Engineering, State University of New York at Buffalo},
  author = {Matott, L. Shawn},
  year = {2008},
  file = {Matott - 2008 - OSTRICH An Optimization Software Tool\; Documentat.pdf:C\:\\Users\\mmyetisi\\AppData\\Roaming\\Zotero\\Zotero\\Profiles\\oqd212i0.default\\zotero\\storage\\PH8D6AW8\\Matott - 2008 - OSTRICH An Optimization Software Tool\; Documentat.pdf:application/pdf},
}


@article{marquardt_algorithm_1963,
  title = {{An algorithm for least-squares estimation of nonlinear parameters}},
  volume = {11},
  url = {http://epubs.siam.org/doi/pdf/10.1137/0111030},
  number = {2},
  urldate = {2016-01-12},
  journal = {Journal of the Society for Industrial \& Applied Mathematics},
  author = {Marquardt, Donald W.},
  year = {1963},
  pages = {431--441},
  file = {Marquardt - 1963 - An algorithm for least-squares estimation of nonli.pdf:/home/yeti/.zotero/zotero/hy7wzfqc.default/zotero/storage/MQ59GX9J/Marquardt - 1963 - An algorithm for least-squares estimation of nonli.pdf:application/pdf},
}


@article{daddetta_particle_2004,
  title = {{A particle center based homogenization strategy for granular assemblies}},
  volume = {21},
  issn = {0264-4401},
  url = {http://www.emeraldinsight.com/doi/abs/10.1108/02644400410519839},
  doi = {10.1108/02644400410519839},
  language = {en},
  number = {2/3/4},
  urldate = {2015-07-23},
  journal = {Engineering Computations},
  author = {D'Addetta, G.A. and Ramm, E. and Diebels, S. and Ehlers, W.},
  month = {mar},
  year = {2004},
  pages = {360--383},
  file = {D'Addetta et al. - 2004 - A particle center based homogenization strategy fo.pdf:/home/yeti/.zotero/zotero/hy7wzfqc.default/zotero/storage/TGABX923/D'Addetta et al. - 2004 - A particle center based homogenization strategy fo.pdf:application/pdf},
}


@article{wellmann_homogenization_2008,
  title = {{Homogenization of granular material modeled by a three-dimensional discrete element method}},
  volume = {35},
  issn = {0266352X},
  url = {http://linkinghub.elsevier.com/retrieve/pii/S0266352X07000754},
  doi = {10.1016/j.compgeo.2007.06.010},
  language = {en},
  number = {3},
  urldate = {2015-07-16},
  journal = {Computers and Geotechnics},
  author = {Wellmann, C. and Lillie, C. and Wriggers, P.},
  month = {may},
  year = {2008},
  pages = {394--405},
  file = {Wellmann et al. - 2008 - Homogenization of granular material modeled by a t.pdf:/home/yeti/.zotero/zotero/hy7wzfqc.default/zotero/storage/TKJGJW7X/Wellmann et al. - 2008 - Homogenization of granular material modeled by a t.pdf:application/pdf},
}


@book{zhang_continuum_2010,
  address = {Hangzhou},
  series = {{Advanced Topics in Science and Technology in China}},
  title = {{Continuum {Damage} {Mechanics} and {Numerical} {Applications}}},
  isbn = {978-7-308-06589-4 978-3-642-04707-7},
  publisher = {ZHEJIANG UNIVERSITY PRESS},
  author = {Zhang, Wohua and Cai, Yuanqiang},
  collaborator = {{Springer (Firm)}},
  year = {2010},
  keywords = {Continuum damage mechanics},
  annote = {With 425 figures--T.p},
  file = {bok%3A978-3-642-04708-4.pdf:/home/yeti/.zotero/zotero/hy7wzfqc.default/zotero/storage/8KDHNTGQ/bok%3A978-3-642-04708-4.pdf:application/pdf},
}


@article{lubliner_plastic-damage_1989,
  title = {{A plastic-damage model for concrete}},
  volume = {25},
  url = {http://www.sciencedirect.com/science/article/pii/0020768389900504},
  number = {3},
  urldate = {2016-01-04},
  journal = {International Journal of solids and structures},
  author = {Lubliner, J. and Oliver, J. and Oller, Sand and Onate, E.},
  year = {1989},
  pages = {299--326},
  file = {Lubliner et al. - 1989 - A plastic-damage model for concrete.pdf:C\:\\Users\\mmyetisi\\AppData\\Roaming\\Zotero\\Zotero\\Profiles\\oqd212i0.default\\zotero\\storage\\G3SUP7T2\\Lubliner et al. - 1989 - A plastic-damage model for concrete.pdf:application/pdf},
}


@article{lee_plastic-damage_1998,
  title = {{Plastic-{Damage} {Model} for {Cyclic} {Loading} of {Concrete} {Structures}}},
  volume = {124},
  issn = {0733-9399},
  url = {http://dx.doi.org/10.1061/(ASCE)0733-9399(1998)124:8(892)},
  doi = {10.1061/(ASCE)0733-9399(1998)124:8(892)},
  abstract = {A new plastic-damage model for concrete subjected to cyclic loading is developed using the concepts of fracture-energy-based damage and stiffness degradation in continuum damage mechanics. Two damage variables, one for tensile damage and the other for compressive damage, and a yield function with multiple-hardening variables are introduced to account for different damage states. The uniaxial strength functions are factored into two parts, corresponding to the effective stress and the degradation of elastic stiffness. The constitutive relations for elastoplastic responses are decoupled from the degradation damage response, which provides advantages in the numerical implementation. In the present model, the strength function for the effective stress is used to control the evolution of the yield surface, so that calibration with experimental results is convenient. A simple and thermodynamically consistent scalar degradation model is introduced to simulate the effect of damage on elastic stiffness and its recovery during crack opening and closing. The performance of the plastic-damage model is demonstrated with several numerical examples of simulating monotonically and cyclically loaded concrete specimens.},
  number = {8},
  urldate = {2016-01-04},
  journal = {Journal of Engineering Mechanics},
  author = {Lee, Jeeho and Fenves, Gregory L.},
  year = {1998},
  pages = {892--900},
  file = {1998 - Plastic-Damage Model for Cyclic Loading of Concret.pdf:/home/yeti/.zotero/zotero/hy7wzfqc.default/zotero/storage/SJWVHXAZ/1998 - Plastic-Damage Model for Cyclic Loading of Concret.pdf:application/pdf},
}


@inproceedings{wahalathantri_material_2011,
  title = {{A material model for flexural crack simulation in reinforced concrete elements using {ABAQUS}}},
  url = {http://eprints.qut.edu.au/41712},
  urldate = {2016-01-08},
  booktitle = {Proceedings of the {First} {International} {Conference} on {Engineering}, {Designing} and {Developing} the {Built} {Environment} for {Sustainable} {Wellbeing}},
  publisher = {Queensland University of Technology},
  author = {Wahalathantri, Buddhi Lankananda and Thambiratnam, D. P. and Chan, T. H. T. and Fawzia, S.},
  year = {2011},
  pages = {260--264},
  file = {Wahalathantri et al. - 2011 - A material model for flexural crack simulation in .pdf:/home/yeti/.zotero/zotero/hy7wzfqc.default/zotero/storage/3IBBBT55/Wahalathantri et al. - 2011 - A material model for flexural crack simulation in .pdf:application/pdf},
}


@inproceedings{prantl_identification_2013,
  title = {{Identification of {Ductile} {Damage} {Parameters}}},
  url = {http://sh.st/st/787f28ed3e745c14417e4aec27303038/www.3ds.com/fileadmin/PRODUCTS/SIMULIA/PDF/scc-papers/identification-of-ductile-damage-parameters-13.pdf},
  urldate = {2016-05-04},
  booktitle = {{SIMULIA} {Community} {Conference}},
  author = {Prantl, Antonin and Ruzicka, Jan and Spaniel, Miroslav and Moravec, Milos and Dzugan, Jan and Konopík, Pavel},
  year = {2013},
  file = {Prantl et al. - 2013 - Identification of Ductile Damage Parameters.pdf:C\:\\Users\\mmyetisi\\AppData\\Roaming\\Zotero\\Zotero\\Profiles\\oqd212i0.default\\zotero\\storage\\N4R622D5\\Prantl et al. - 2013 - Identification of Ductile Damage Parameters.pdf:application/pdf},
}


@inproceedings{Kennedy,
  doi = {10.1109/icnn.1995.488968},
  url = {http://dx.doi.org/10.1109/icnn.1995.488968},
  publisher = {Institute of Electrical {\&} Electronics Engineers ({IEEE})},
  author = {J. Kennedy and R. Eberhart},
  year = {1995},
  title = {{Particle swarm optimization}},
  booktitle = {Proceedings of {ICNN}{\textquotesingle}95 - International Conference on Neural Networks},
}


@inproceedings{levenberg_method_1944,
  title = {{A method for the solution of certain non–linear problems in least squares}},
  url = {http://en.journals.sid.ir/ViewPaper.aspx?ID=53617},
  urldate = {2016-05-12},
  author = {Levenberg, Kenneth},
  year = {1944},
  booktitle = {Meeting of the American Math Society in Chicago},
}


@misc{matott_ostrich:_2016,
  title = {{{OSTRICH}: {An} {Optimization} {Software} {Tool}; {Documentation} and {User}'s {Guide}}},
  url = {http://www.eng.buffalo.edu/~lsmatott/Ostrich/OstrichMain.html},
  urldate = {2016-02-20},
  publisher = {Department of Civil, Structural and Environmental Engineering, State University of New York at Buffalo},
  author = {Matott, L. Shawn},
  year = {2016},
  file = {Matott - 2016 - OSTRICH An Optimization Software Tool\; Documentat.pdf:C\:\\Users\\mmyetisi\\AppData\\Roaming\\Zotero\\Zotero\\Profiles\\oqd212i0.default\\zotero\\storage\\DWQT389Z\\Matott - OSTRICH An Optimization Software Tool\; Documentat.pdf:application/pdf},
}


@article{Corless_1996,
  doi = {10.1007/bf02124750},
  url = {http://dx.doi.org/10.1007/bf02124750},
  year = {1996},
  month = {dec},
  publisher = {Springer Science $\mathplus$ Business Media},
  volume = {5},
  number = {1},
  pages = {329--359},
  author = {R. M. Corless and G. H. Gonnet and D. E. G. Hare and D. J. Jeffrey and D. E. Knuth},
  title = {{On the {LambertW} function}},
  journal = {Advances in Computational Mathematics},
}


@article{drucker_implications_1950,
  title = {{Some {Implications} of {Work} {Hardening} and {Ideal} {Plasticity}}},
  volume = {7},
  issn = {0033-569X},
  url = {http://www.jstor.org/stable/43633751},
  number = {4},
  urldate = {2016-05-26},
  journal = {Quarterly of Applied Mathematics},
  author = {Drucker, D. C.},
  year = {1950},
  pages = {411--418},
}


@article{johnson_fracture_1985,
  title = {{Fracture characteristics of three metals subjected to various strains, strain rates, temperatures and pressures}},
  volume = {21},
  issn = {0013-7944},
  url = {http://www.sciencedirect.com/science/article/pii/0013794485900529},
  doi = {10.1016/0013-7944(85)90052-9},
  abstract = {This paper considers fracture characteristics of OFHC copper, Armco iron and 4340 steel. The materials are subjected to torsion tests over a range of strain rates, Hopkinson bar tests over a range of temperatures, and quasi-static tensile tests with various notch geometries. A cumulative-damage fracture model is introduced which expresses the strain to fracture as a function of the strain rate, temperature and pressure. The model is evaluated by comparing computed results with cylinder impact tests and biaxial (torsion-tension) tests.},
  number = {1},
  urldate = {2016-05-05},
  journal = {Engineering Fracture Mechanics},
  author = {Johnson, Gordon R. and Cook, William H.},
  month = {jan},
  year = {1985},
  pages = {31--48},
  file = {Johnson and Cook - 1985 - Fracture characteristics of three metals subjected.pdf:C\:\\Users\\mmyetisi\\AppData\\Roaming\\Zotero\\Zotero\\Profiles\\oqd212i0.default\\zotero\\storage\\B5JMF2DT\\Johnson and Cook - 1985 - Fracture characteristics of three metals subjected.pdf:application/pdf;ScienceDirect Snapshot:C\:\\Users\\mmyetisi\\AppData\\Roaming\\Zotero\\Zotero\\Profiles\\oqd212i0.default\\zotero\\storage\\IUWRU5BC\\0013794485900529.html:text/html},
}


@article{Johnson_1985,
  doi = {10.1016/0013-7944(85)90052-9},
  url = {http://dx.doi.org/10.1016/0013-7944(85)90052-9},
  year = {1985},
  month = {jan},
  publisher = {Elsevier {BV}},
  volume = {21},
  number = {1},
  pages = {31--48},
  author = {Gordon R. Johnson and William H. Cook},
  title = {{Fracture characteristics of three metals subjected to various strains strain rates, temperatures and pressures}},
  journal = {Engineering Fracture Mechanics},
}


@article{Hillerborg_1976,
  doi = {10.1016/0008-8846(76)90007-7},
  url = {http://dx.doi.org/10.1016/0008-8846(76)90007-7},
  year = {1976},
  month = {nov},
  publisher = {Elsevier {BV}},
  volume = {6},
  number = {6},
  pages = {773--781},
  author = {A. Hillerborg and M. Mod{\'{e}}er and P.-E. Petersson},
  title = {{Analysis of crack formation and crack growth in concrete by means of fracture mechanics and finite elements}},
  journal = {Cement and Concrete Research},
}


@article{CUNDALL_1992,
  doi = {10.1108/eb023851},
  url = {http://dx.doi.org/10.1108/eb023851},
  year = {1992},
  month = {feb},
  publisher = {Emerald},
  volume = {9},
  number = {2},
  pages = {101--113},
  author = {Peter A. Cundall and Roger D. Hart},
  title = {{{Numerical} {Modelling} {of} {Discontinua}}},
  journal = {Engineering Computations},
}


@article{Lloyd_1982,
  doi = {10.1109/tit.1982.1056489},
  url = {http://dx.doi.org/10.1109/tit.1982.1056489},
  year = {1982},
  month = {mar},
  publisher = {Institute of Electrical {\&} Electronics Engineers ({IEEE})},
  volume = {28},
  number = {2},
  pages = {129--137},
  author = {S. Lloyd},
  title = {{Least squares quantization in {PCM}}},
  journal = {{IEEE} Trans. Inform. Theory},
}


@article{Drugan_1996,
  doi = {10.1016/0022-5096(96)00007-5},
  url = {http://dx.doi.org/10.1016/0022-5096(96)00007-5},
  year = {1996},
  month = {apr},
  publisher = {Elsevier {BV}},
  volume = {44},
  number = {4},
  pages = {497--524},
  author = {W.J. Drugan and J.R. Willis},
  title = {{A micromechanics-based nonlocal constitutive equation and estimates of representative volume element size for elastic composites}},
  journal = {Journal of the Mechanics and Physics of Solids},
}


@article{Kanit_2003,
  doi = {10.1016/s0020-7683(03)00143-4},
  url = {http://dx.doi.org/10.1016/s0020-7683(03)00143-4},
  year = {2003},
  month = {jun},
  publisher = {Elsevier {BV}},
  volume = {40},
  number = {13-14},
  pages = {3647--3679},
  author = {T. Kanit and S. Forest and I. Galliet and V. Mounoury and D. Jeulin},
  title = {{Determination of the size of the representative volume element for random composites: statistical and numerical approach}},
  journal = {International Journal of Solids and Structures},
}


@article{Gitman_2007,
  doi = {10.1016/j.engfracmech.2006.12.021},
  url = {http://dx.doi.org/10.1016/j.engfracmech.2006.12.021},
  year = {2007},
  month = {nov},
  publisher = {Elsevier {BV}},
  volume = {74},
  number = {16},
  pages = {2518--2534},
  author = {I.M. Gitman and H. Askes and L.J. Sluys},
  title = {{Representative volume: Existence and size determination}},
  journal = {Engineering Fracture Mechanics},
}


@article{Gitman_2005,
  doi = {10.1007/s00419-005-0411-8},
  url = {http://dx.doi.org/10.1007/s00419-005-0411-8},
  year = {2005},
  month = {dec},
  publisher = {Springer Science $\mathplus$ Business Media},
  volume = {75},
  number = {2-3},
  pages = {79--92},
  author = {I. M. Gitman and M. B. Gitman and H. Askes},
  title = {{Quantification of stochastically stable representative volumes for random heterogeneous materials}},
  journal = {Archive of Applied Mechanics},
}


@article{Gusev_1997,
  doi = {10.1016/s0022-5096(97)00016-1},
  url = {http://dx.doi.org/10.1016/s0022-5096(97)00016-1},
  year = {1997},
  month = {sep},
  publisher = {Elsevier {BV}},
  volume = {45},
  number = {9},
  pages = {1449--1459},
  author = {Andrei A. Gusev},
  title = {{Representative volume element size for elastic composites: A numerical study}},
  journal = {Journal of the Mechanics and Physics of Solids},
}


@article{M_ller_2010,
  doi = {10.1007/s12665-010-0485-7},
  url = {http://dx.doi.org/10.1007/s12665-010-0485-7},
  year = {2010},
  month = {mar},
  publisher = {Springer Science $\mathplus$ Business Media},
  volume = {61},
  number = {8},
  pages = {1713--1724},
  author = {Christian Müller and Siegfried Siegesmund and Philipp Blum},
  title = {{Evaluation of the representative elementary volume ({REV}) of a fractured geothermal sandstone reservoir}},
  journal = {Environ Earth Sci},
}


@article{Feyel_2003,
  doi = {10.1016/s0045-7825(03)00348-7},
  url = {http://dx.doi.org/10.1016/s0045-7825(03)00348-7},
  year = {2003},
  month = {jul},
  publisher = {Elsevier {BV}},
  volume = {192},
  number = {28-30},
  pages = {3233--3244},
  author = {Fr{\'{e}}d{\'{e}}ric Feyel},
  title = {{A multilevel finite element method ({FE}2) to describe the response of highly non-linear structures using generalized continua}},
  journal = {Computer Methods in Applied Mechanics and Engineering},
}


@article{Belytschko_2008,
  doi = {10.1002/nme.2156},
  url = {http://dx.doi.org/10.1002/nme.2156},
  year = {2008},
  month = {feb},
  publisher = {Wiley-Blackwell},
  volume = {73},
  number = {6},
  pages = {869--894},
  author = {Ted Belytschko and Stefan Loehnert and Jeong-Hoon Song},
  title = {{Multiscale aggregating discontinuities: A method for circumventing loss of material stability}},
  journal = {International Journal for Numerical Methods in Engineering},
}


@inproceedings{Thallak_1990,
  doi = {10.3997/2214-4609.201411126},
  url = {http://dx.doi.org/10.3997/2214-4609.201411126},
  year = {1990},
  month = {sep},
  publisher = {{EAGE} Publications},
  author = {S. Thallak and L. Rothenburg and M. Dusseault and R. Bathurst},
  title = {{Numerical Simulation of Hydraulic Fracturing in a Discrete Element System}},
  booktitle = {{ECMOR} {II} - 2nd European Conference on the Mathematics of Oil Recovery},
}


@article{Barbosa_1990,
  doi = {10.1016/0168-874x(90)90006-z},
  url = {http://dx.doi.org/10.1016/0168-874x(90)90006-z},
  year = {1990},
  month = {nov},
  publisher = {Elsevier {BV}},
  volume = {7},
  number = {2},
  pages = {145--158},
  author = {Ricardo E. Barbosa and Jamshid Ghaboussi},
  title = {{Discrete finite element method for multiple deformable bodies}},
  journal = {Finite Elements in Analysis and Design},
}


@article{SJOGREN_1979,
  doi = {10.1111/j.1365-2478.1979.tb00977.x},
  url = {http://dx.doi.org/10.1111/j.1365-2478.1979.tb00977.x},
  year = {1979},
  month = {jun},
  publisher = {Wiley-Blackwell},
  volume = {27},
  number = {2},
  pages = {409--442},
  author = {B. Sjogren and A. Ofsthus and J. Sandberg},
  title = {{{Seismic} {Classification} {of} {Rock} {Mass} {Qualities}}},
  journal = {Geophysical Prospecting},
}


@article{Hoek_1997,
  doi = {10.1016/s1365-1609(97)80069-x},
  url = {http://dx.doi.org/10.1016/s1365-1609(97)80069-x},
  year = {1997},
  month = {dec},
  publisher = {Elsevier {BV}},
  volume = {34},
  number = {8},
  pages = {1165--1186},
  author = {E. Hoek and E.T. Brown},
  title = {{Practical estimates of rock mass strength}},
  journal = {International Journal of Rock Mechanics and Mining Sciences},
}


@article{Bidgoli_2013,
  doi = {10.1016/j.jrmge.2013.09.002},
  url = {http://dx.doi.org/10.1016/j.jrmge.2013.09.002},
  year = {2013},
  month = {dec},
  publisher = {Elsevier {BV}},
  volume = {5},
  number = {6},
  pages = {419--430},
  author = {Majid Noorian Bidgoli and Zhihong Zhao and Lanru Jing},
  title = {{Numerical evaluation of strength and deformability of fractured rocks}},
  journal = {Journal of Rock Mechanics and Geotechnical Engineering},
}


@article{Min_2003,
  doi = {10.1016/s1365-1609(03)00038-8},
  url = {http://dx.doi.org/10.1016/s1365-1609(03)00038-8},
  year = {2003},
  month = {sep},
  publisher = {Elsevier {BV}},
  volume = {40},
  number = {6},
  pages = {795--816},
  author = {Ki-Bok Min and Lanru Jing},
  title = {{Numerical determination of the equivalent elastic compliance tensor for fractured rock masses using the distinct element method}},
  journal = {International Journal of Rock Mechanics and Mining Sciences},
}


@article{Chen_2012,
  doi = {10.1016/j.ijrmms.2011.11.009},
  url = {http://dx.doi.org/10.1016/j.ijrmms.2011.11.009},
  year = {2012},
  month = {jan},
  publisher = {Elsevier {BV}},
  volume = {49},
  pages = {156--164},
  author = {S.H. Chen and J. He and I. Shahrour},
  title = {{Estimation of elastic compliance matrix for fractured rock masses by composite element method}},
  journal = {International Journal of Rock Mechanics and Mining Sciences},
}


@incollection{Nelson_2001,
  doi = {10.1016/b978-088415317-7/50006-3},
  url = {http://dx.doi.org/10.1016/b978-088415317-7/50006-3},
  year = {2001},
  publisher = {Elsevier {BV}},
  pages = {125--162},
  author = {R.A. Nelson},
  title = {{Detecting and Predicting Fracture Occurrence and Intensity}},
  booktitle = {Geologic Analysis of Naturally Fractured Reservoirs},
}


@book{Zwillinger_1995,
  doi = {10.1201/noe0849324796},
  url = {http://dx.doi.org/10.1201/noe0849324796},
  year = {1995},
  month = {dec},
  publisher = {Informa {UK} Limited},
  author = {Daniel Zwillinger},
  title = {{{CRC} Standard Mathematical Tables and Formulae 30th Edition}},
}


@article{Clerc_2002,
  doi = {10.1109/4235.985692},
  url = {http://dx.doi.org/10.1109/4235.985692},
  year = {2002},
  publisher = {Institute of Electrical {\&} Electronics Engineers ({IEEE})},
  volume = {6},
  number = {1},
  pages = {58--73},
  author = {M. Clerc and J. Kennedy},
  title = {{The particle swarm - explosion stability, and convergence in a multidimensional complex space}},
  journal = {{IEEE} Transactions on Evolutionary Computation},
}


@article{Venter_2006,
  doi = {10.2514/1.17873},
  url = {http://dx.doi.org/10.2514/1.17873},
  year = {2006},
  month = {mar},
  publisher = {American Institute of Aeronautics and Astronautics ({AIAA})},
  volume = {3},
  number = {3},
  pages = {123--137},
  author = {Gerhard Venter and Jaroslaw Sobieszczanski-Sobieski},
  title = {{Parallel Particle Swarm Optimization Algorithm Accelerated by Asynchronous Evaluations}},
  journal = {Journal of Aerospace Computing Information, and Communication},
}


@inproceedings{Shi,
  doi = {10.1109/icec.1998.699146},
  url = {http://dx.doi.org/10.1109/icec.1998.699146},
  year = {1998},
  publisher = {Institute of Electrical {\&} Electronics Engineers ({IEEE})},
  author = {Y. Shi and R. Eberhart},
  title = {{A modified particle swarm optimizer}},
  booktitle = {1998 {IEEE} International Conference on Evolutionary Computation Proceedings. {IEEE} World Congress on Computational Intelligence (Cat. No.98TH8360)},
}


@article{Petracca_2015,
  doi = {10.1007/s00466-015-1230-6},
  url = {http://dx.doi.org/10.1007/s00466-015-1230-6},
  year = {2015},
  month = {dec},
  publisher = {Springer Science $\mathplus$ Business Media},
  volume = {57},
  number = {2},
  pages = {257--276},
  author = {Massimo Petracca and Luca Pel{\`{a}} and Riccardo Rossi and Sergio Oller and Guido Camata and Enrico Spacone},
  title = {{Regularization of first order computational homogenization for multiscale analysis of masonry structures}},
  journal = {Computational Mechanics},
}


@article{Li_2014,
  doi = {10.1007/s00466-014-1062-9},
  url = {http://dx.doi.org/10.1007/s00466-014-1062-9},
  year = {2014},
  month = {jul},
  publisher = {Springer Science $\mathplus$ Business Media},
  volume = {54},
  number = {5},
  pages = {1331--1356},
  author = {Xikui Li and Yuanbo Liang and Qinglin Duan and B.A. Schrefler and Youyao Du},
  title = {{A mixed finite element procedure of gradient Cosserat continuum for second-order computational homogenisation of granular materials}},
  journal = {Computational Mechanics},
}


@book{Barton_2006,
  doi = {10.1201/9780203964453},
  url = {http://dx.doi.org/10.1201/9780203964453},
  year = {2006},
  month = {oct},
  publisher = {Informa {UK} Limited},
  author = {Nick Barton},
  title = {{Rock Quality Seismic Velocity, Attenuation and Anisotropy}},
}
